@inproceedings{kour2014real,
  title={Real-time segmentation of on-line handwritten arabic script},
  author={Kour, George and Saabne, Raid},
  booktitle={Frontiers in Handwriting Recognition (ICFHR), 2014 14th International Conference on},
  pages={417--422},
  year=2014,
  organization={IEEE}
}

@inproceedings{kour2014fast,
  title={Fast classification of handwritten on-line Arabic characters},
  author={Kour, George and Saabne, Raid},
  booktitle={Soft Computing and Pattern Recognition (SoCPaR), 2014 6th International Conference of},
  pages={312--318},
  year={2014},
  organization={IEEE},
  doi={10.1109/SOCPAR.2014.7008025}
}

@inproceedings{keshet2016prediction,
  title={Prediction-Based, Prioritized Market-Share Insight Extraction},
  author={Keshet, Renato and Maor, Alina and Kour, George},
  booktitle={Advanced Data Mining and Applications: 12th International Conference, ADMA 2016, Gold Coast, QLD, Australia, December 12-15, 2016, Proceedings 12},
  pages={81--94},
  year={2016},
  organization={Springer}
}
@Article{Delaware_2015,
  author          = {Delaware, Benjamin and Pit-Claudel, Clément and Gross,
                  Jason and Chlipala, Adam},
  title           = {Fiat: Deductive Synthesis of Abstract Data Types in a Proof
                  Assistant},
  journal         = {ACM SIGPLAN Notices},
  year            = 2015,
  volume          = 50,
  number          = 1,
  month           = jan,
  pages           = {689–700},
  issn            = {1558-1160},
  doi             = {10.1145/2775051.2677006},
  url             = {http://dx.doi.org/10.1145/2775051.2677006},
  publisher       = {Association for Computing Machinery (ACM)}
}

@Article{DBLP:journals/cacm/Lamport22,
  author          = {Leslie Lamport},
  title           = {Deconstructing the bakery to build a distributed state
                  machine},
  journal         = {Commun. {ACM}},
  year            = 2022,
  volume          = 65,
  number          = 9,
  pages           = {58-66},
  doi             = {10.1145/3513259},
  url             = {https://doi.org/10.1145/3513259},
  timestamp       = {Wed, 31 Aug 2022 16:10:25 +0200},
  biburl          = {https://dblp.org/rec/journals/cacm/Lamport22.bib},
  bibsource       = {dblp computer science bibliography, https://dblp.org}
}

@InCollection{DBLP:books/mc/22/DijkstraLMSS22,
  author          = {Edsger W. Dijkstra and Leslie Lamport and Alain J. Martin
                  and Carel S. Scholten and Elisabeth F. M. Steffens},
  title           = {On-the-Fly Garbage Collection: An Exercise in Cooperation},
  year            = 2022,
  booktitle       = {Edsger Wybe Dijkstra: His Life, Work, and Legacy},
  pages           = {339-358},
  doi             = {10.1145/3544585.3544607},
  url             = {https://doi.org/10.1145/3544585.3544607},
  crossref        = {DBLP:books/mc/AH2022},
  timestamp       = {Tue, 29 Aug 2023 07:46:41 +0200},
  biburl          = {https://dblp.org/rec/books/mc/22/DijkstraLMSS22.bib},
  bibsource       = {dblp computer science bibliography, https://dblp.org}
}

@book{DBLP:books/mc/AH2022,
  editor       = {Krzysztof R. Apt and
                  Tony Hoare},
  title        = {Edsger Wybe Dijkstra: His Life, Work, and Legacy},
  series       = {{ACM} Books},
  volume       = {45},
  publisher    = {{ACM} / Morgan {\&} Claypool},
  year         = {2022},
  url          = {https://doi.org/10.1145/3544585},
  doi          = {10.1145/3544585},
  isbn         = {978-1-4503-9773-5},
  timestamp    = {Wed, 15 May 2024 08:12:03 +0200},
  biburl       = {https://dblp.org/rec/books/mc/AH2022.bib},
  bibsource    = {dblp computer science bibliography, https://dblp.org}
}

@Online{wong21:_deep_multiag_reinf_learn,
  author          = {Annie Wong AND Thomas Bäck AND Anna V. Kononova AND Aske
                  Plaat},
  title           = {{Deep Multiagent Reinforcement Learning: Challenges and
                  Directions}},
  year            = 2021,
  eprint          = {2106.15691v2},
  primaryclass    = {cs.LG},
  archiveprefix   = {arXiv}
}

@Online{vidal03:_learn_multiag_system,
  author          = {Jose M. Vidal},
  title           = {{Learning in Multiagent Systems: An Introduction from a
                  Game-Theoretic Perspective}},
  year            = 2003,
  eprint          = {cs/0308030v1},
  primaryclass    = {cs.MA},
  archiveprefix   = {arXiv}
}

@Online{zheng18:_weigh_doubl_deep_multiag_reinf,
  author          = {Yan Zheng AND Jianye Hao AND Zongzhang Zhang},
  title           = {{Weighted Double Deep Multiagent Reinforcement Learning in
                  Stochastic Cooperative Environments}},
  year            = 2018,
  eprint          = {1802.08534v2},
  primaryclass    = {cs.MA},
  archiveprefix   = {arXiv}
}

@Online{fu22:_cooper_graph_approac_multiag_spars,
  author          = {Qingxu Fu AND Tenghai Qiu AND Zhiqiang Pu AND Jianqiang Yi
                  AND Wanmai Yuan},
  title           = {{A Cooperation Graph Approach for Multiagent Sparse Reward
                  Reinforcement Learning}},
  year            = 2022,
  eprint          = {2208.03002v1},
  primaryclass    = {cs.AI},
  archiveprefix   = {arXiv}
}

@Online{malialis19:_resour_abstr_reinf_learn_multiag_conges_probl,
  author          = {Kleanthis Malialis AND Sam Devlin AND Daniel Kudenko},
  title           = {{Resource Abstraction for Reinforcement Learning in
                  Multiagent Congestion Problems}},
  year            = 2019,
  eprint          = {1903.05431v1},
  primaryclass    = {cs.MA},
  archiveprefix   = {arXiv}
}
