@Article{Ma_2020,
  author          = {Ma, Xin and Shahbakhti, Mahdi and Chigan, Chunxiao},
  title           = {Connected Vehicle Based Distributed Meta-Learning for
                  Online Adaptive Engine/Powertrain Fuel Consumption Modeling},
  journal         = {IEEE Transactions on Vehicular Technology},
  year            = 2020,
  volume          = 69,
  number          = 9,
  month           = sep,
  pages           = {9553–9565},
  issn            = {1939-9359},
  doi             = {10.1109/tvt.2020.3002491},
  url             = {http://dx.doi.org/10.1109/TVT.2020.3002491},
  publisher       = {Institute of Electrical and Electronics Engineers (IEEE)}
}

@Article{Lee_2020,
  author          = {Lee, Heeyun and Kang, Changbeom and Park, Yeong-Il and Kim,
                  Namwook and Cha, Suk Won},
  title           = {Online Data-Driven Energy Management of a Hybrid Electric
                  Vehicle Using Model-Based Q-Learning},
  journal         = {IEEE Access},
  year            = 2020,
  volume          = 8,
  pages           = {84444–84454},
  issn            = {2169-3536},
  doi             = {10.1109/access.2020.2992062},
  url             = {http://dx.doi.org/10.1109/ACCESS.2020.2992062},
  publisher       = {Institute of Electrical and Electronics Engineers (IEEE)}
}

@InProceedings{Vellamattathil_Baby_2022,
  author          = {Vellamattathil Baby, Tinu and Ghasemi, Amir H. and
                  HomChaudhuri, Baisravan},
  title           = {Suggestion-Based Fuel Efficient Control of Connected and
                  Automated Vehicles in A Multi-lane Urban Traffic},
  year            = 2022,
  booktitle       = {2022 American Control Conference (ACC)},
  publisher       = {IEEE},
  month           = jun,
  doi             = {10.23919/acc53348.2022.9867577},
  url             = {http://dx.doi.org/10.23919/ACC53348.2022.9867577}
}

@Article{Liu_2020,
  author          = {Liu, Teng and Tian, Bin and Ai, Yunfeng and Wang, Fei-Yue},
  title           = {Parallel reinforcement learning-based energy efficiency
                  improvement for a cyber-physical system},
  journal         = {IEEE/CAA Journal of Automatica Sinica},
  year            = 2020,
  volume          = 7,
  number          = 2,
  month           = mar,
  pages           = {617–626},
  issn            = {2329-9274},
  doi             = {10.1109/jas.2020.1003072},
  url             = {http://dx.doi.org/10.1109/JAS.2020.1003072},
  publisher       = {Institute of Electrical and Electronics Engineers (IEEE)}
}

@InProceedings{Wang_2020,
  author          = {Wang, Pengyue and Northrop, William},
  title           = {Data-Driven Framework for Fuel Efficiency Improvement in
                  Extended Range Electric Vehicle Used in Package Delivery
                  Applications},
  year            = 2020,
  booktitle       = {SAE Technical Paper Series},
  series          = {ANNUAL},
  publisher       = {SAE International},
  month           = apr,
  doi             = {10.4271/2020-01-0589},
  url             = {http://dx.doi.org/10.4271/2020-01-0589},
  ISSN            = {0148-7191},
  collection      = {ANNUAL}
}

@InProceedings{Hou_2022,
  author          = {Hou, Shengyan and Liu, Xuan and Yin, Hai and Gao, Jinwu},
  title           = {Reinforcement Learning-Based Energy Optimization for a Fuel
                  Cell Electric Vehicle},
  year            = 2022,
  booktitle       = {2022 4th International Conference on Smart Power and Internet Energy Systems (SPIES)},
  publisher       = {IEEE},
  month           = dec,
  doi             = {10.1109/spies55999.2022.10082644},
  url             = {http://dx.doi.org/10.1109/SPIES55999.2022.10082644}
}

@InProceedings{Guo_2021,
  author          = {Guo, Liang and Li, Zhongliang and Outbib, Rachid},
  title           = {Reinforcement Learning based Energy Management for Fuel
                  Cell Hybrid Electric Vehicles},
  year            = 2021,
  booktitle       = {IECON 2021 – 47th Annual Conference of the IEEE Industrial
                  Electronics Society},
  publisher       = {IEEE},
  month           = oct,
  doi             = {10.1109/iecon48115.2021.9589725},
  url             = {http://dx.doi.org/10.1109/IECON48115.2021.9589725}
}

@InProceedings{Meng_2021,
  author          = {Meng, Xiang and Li, Qi and Zhang, Guorui and Wang, Xiaofeng
                  and Chen, Weirong},
  title           = {Double Q-learning-based Energy Management Strategy for
                  Overall Energy Consumption Optimization of Fuel Cell/Battery
                  Vehicle},
  year            = 2021,
  booktitle       = {2021 IEEE Transportation Electrification Conference and Expo (ITEC)},
  publisher       = {IEEE},
  month           = jun,
  doi             = {10.1109/itec51675.2021.9490114},
  url             = {http://dx.doi.org/10.1109/ITEC51675.2021.9490114}
}

@InProceedings{Zou_2023,
  author          = {Zou, Zihan and Kang, Jinsong and Hu, Jingtai},
  title           = {Analysis of Energy Management Strategies For Hydrogen Fuel
                  Cell Hybrid Rail Transit},
  year            = 2023,
  booktitle       = {2023 IEEE PELS Students and Young Professionals Symposium
                  (SYPS)},
  publisher       = {IEEE},
  month           = aug,
  doi             = {10.1109/syps59767.2023.10268172},
  url             = {http://dx.doi.org/10.1109/SYPS59767.2023.10268172}
}

@InProceedings{Guo_2022,
  author          = {Guo, Liang and Li, Zhongliang and Outbib, Rachid},
  title           = {Fuzzy Rule Value Reinforcement Learning based Energy
                  Management Strategy for Fuel Cell Hybrid Electric Vehicles},
  year            = 2022,
  booktitle       = {IECON 2022 – 48th Annual Conference of the IEEE Industrial
                  Electronics Society},
  publisher       = {IEEE},
  month           = oct,
  doi             = {10.1109/iecon49645.2022.9968966},
  url             = {http://dx.doi.org/10.1109/IECON49645.2022.9968966}
}

@InProceedings{Gao_2022,
  author          = {Gao, Qinxiang and Lei, Tao and Deng, Fei and Min, Zhihao
                  and Yao, Wenli and Zhang, Xiaobin},
  title           = {A Deep Reinforcement Learning Based Energy Management
                  Strategy for Fuel-Cell Electric UAV},
  year            = 2022,
  booktitle       = {2022 International Conference on Power Energy Systems and
                  Applications (ICoPESA)},
  publisher       = {IEEE},
  month           = feb,
  doi             = {10.1109/icopesa54515.2022.9754414},
  url             = {http://dx.doi.org/10.1109/ICoPESA54515.2022.9754414}
}

@InProceedings{Junk_2023,
  author          = {Junk, Carolin and Kraus, David and Sax, Eric},
  title           = {Deep Reinforcement Learning Based Energy Management
                  Strategy in Fuel Cell Range Extender Buses},
  year            = 2023,
  booktitle       = {2023 IEEE 14th Annual Ubiquitous Computing, Electronics and Mobile Communication Conference (UEMCON)},
  publisher       = {IEEE},
  month           = oct,
  doi             = {10.1109/uemcon59035.2023.10316168},
  url             = {http://dx.doi.org/10.1109/UEMCON59035.2023.10316168}
}

@InProceedings{Shi_2022,
  author          = {Shi, Wenzhuo and Huangfu, Yigeng and Pang, Shengzhao and
                  Xu, Liangcai and Yuan, Cong and Zhuo, Shengrong},
  title           = {High-Frequency Limitation Deep Reinforcement Learning Based
                  Energy Management Strategy for Dual Fuel Cell Electric
                  Aircraft},
  year            = 2022,
  booktitle       = {2022 IEEE Industry Applications Society Annual Meeting
                  (IAS)},
  publisher       = {IEEE},
  month           = oct,
  doi             = {10.1109/ias54023.2022.9939937},
  url             = {http://dx.doi.org/10.1109/IAS54023.2022.9939937}
}

@Article{Li_2023_Charging,
  author          = {Li, Bei and Li, Jiangchen and Han, Mei},
  title           = {Deep Reinforcement Learning-Based Charging Price
                  Determination Considering the Coordinated Operation of
                  Hydrogen Fuel Cell Electric Vehicle, Power Network and
                  Transportation Network},
  journal         = {IEEE Access},
  year            = 2023,
  volume          = 11,
  pages           = {75508–75521},
  issn            = {2169-3536},
  doi             = {10.1109/access.2023.3296783},
  url             = {http://dx.doi.org/10.1109/ACCESS.2023.3296783},
  publisher       = {Institute of Electrical and Electronics Engineers (IEEE)}
}

@InProceedings{Ranjbaran_2023,
  author          = {Ranjbaran, Parisa and Ebrahimi, Javad and Bakhshai, Alireza
                  and Jain, Praveen},
  title           = {Reinforcement Learning-Based Approaches to Energy
                  Management of Hybrid Energy Storage Systems in Electric
                  Vehicles},
  year            = 2023,
  booktitle       = {2023 IEEE 14th International Conference on Power
                  Electronics and Drive Systems (PEDS)},
  publisher       = {IEEE},
  month           = aug,
  doi             = {10.1109/peds57185.2023.10246568},
  url             = {http://dx.doi.org/10.1109/PEDS57185.2023.10246568}
}

@InProceedings{Feiyan_2021,
  author          = {Feiyan, Qin and Weimin, Li},
  title           = {A Review of Machine Learning on Energy Management Strategy
                  for Hybrid Electric Vehicles},
  year            = 2021,
  booktitle       = {2021 6th Asia Conference on Power and Electrical
                  Engineering (ACPEE)},
  publisher       = {IEEE},
  month           = apr,
  doi             = {10.1109/acpee51499.2021.9437082},
  url             = {http://dx.doi.org/10.1109/ACPEE51499.2021.9437082}
}

@InProceedings{Yadav_2023,
  author          = {Yadav, Pankaj and Vikas and Saini, Vikash Kumar and
                  Al-Sumaiti, Ameena S. and Kumar, Rajesh},
  title           = {Intelligent Energy Management Strategies for Hybrid
                  Electric Transportation},
  year            = 2023,
  booktitle       = {2023 IEEE IAS Global Conference on Renewable Energy and
                  Hydrogen Technologies (GlobConHT)},
  publisher       = {IEEE},
  month           = mar,
  doi             = {10.1109/globconht56829.2023.10087631},
  url             = {http://dx.doi.org/10.1109/GlobConHT56829.2023.10087631}
}

@InProceedings{Li_2023_DRL,
  author          = {Li, B. and Fu, S. and Fu, J. and Choi, J. and Xu, K. and
                  Cha, S. W. and Zheng, C.},
  title           = {A comparison of representative value-based and policy-based
                  deep reinforcement learning algorithms in energy management
                  strategy of fuel cell hybrid vehicles},
  year            = 2023,
  booktitle       = {International Conference on Electric Vehicle and Vehicle
                  Engineering (CEVVE 2023)},
  publisher       = {Institution of Engineering and Technology},
  doi             = {10.1049/icp.2023.3367},
  url             = {http://dx.doi.org/10.1049/icp.2023.3367}
}

@Article{Li_2024,
  author          = {Li, Yuecheng and He, Hongwen and Khajepour, Amir and Chen,
                  Yong and Huo, Weiwei and Wang, Hao},
  title           = {Deep reinforcement learning for intelligent energy
                  management systems of hybrid-electric powertrains: Recent
                  advances, open issues, and prospects},
  journal         = {IEEE Transactions on Transportation Electrification},
  year            = 2024,
  pages           = {1–1},
  issn            = {2372-2088},
  doi             = {10.1109/tte.2024.3377809},
  url             = {http://dx.doi.org/10.1109/TTE.2024.3377809},
  publisher       = {Institute of Electrical and Electronics Engineers (IEEE)}
}

@Article{Qiu_2023,
  author          = {Qiu, Dawei and Wang, Yi and Hua, Weiqi and Strbac, Goran},
  title           = {Reinforcement learning for electric vehicle applications in
                  power systems:A critical review},
  journal         = {Renewable and Sustainable Energy Reviews},
  year            = 2023,
  volume          = 173,
  month           = mar,
  pages           = 113052,
  issn            = {1364-0321},
  doi             = {10.1016/j.rser.2022.113052},
  url             = {http://dx.doi.org/10.1016/j.rser.2022.113052},
  publisher       = {Elsevier BV}
}


@Article{Egan_2023,
  author          = {Egan, Daniel and Zhu, Qilun and Prucka, Robert},
  title           = {A Review of Reinforcement Learning-Based Powertrain
                  Controllers: Effects of Agent Selection for Mixed-Continuity
                  Control and Reward Formulation},
  journal         = {Energies},
  year            = 2023,
  volume          = 16,
  number          = 8,
  month           = apr,
  pages           = 3450,
  issn            = {1996-1073},
  doi             = {10.3390/en16083450},
  url             = {http://dx.doi.org/10.3390/en16083450},
  publisher       = {MDPI AG}
}

@Article{Hu_2019,
  author          = {Hu, Xiaosong and Liu, Teng and Qi, Xuewei and Barth,
                  Matthew},
  title           = {Reinforcement Learning for Hybrid and Plug-In Hybrid
                  Electric Vehicle Energy Management: Recent Advances and
                  Prospects},
  journal         = {IEEE Industrial Electronics Magazine},
  year            = 2019,
  volume          = 13,
  number          = 3,
  month           = sep,
  pages           = {16–25},
  issn            = {1941-0115},
  doi             = {10.1109/mie.2019.2913015},
  url             = {http://dx.doi.org/10.1109/MIE.2019.2913015},
  publisher       = {Institute of Electrical and Electronics Engineers (IEEE)}
}

@Article{Hu_2018,
  author          = {Hu, Yue and Li, Weimin and Xu, Kun and Zahid, Taimoor and
                  Qin, Feiyan and Li, Chenming},
  title           = {Energy Management Strategy for a Hybrid Electric Vehicle
                  Based on Deep Reinforcement Learning},
  journal         = {Applied Sciences},
  year            = 2018,
  volume          = 8,
  number          = 2,
  month           = jan,
  pages           = 187,
  issn            = {2076-3417},
  doi             = {10.3390/app8020187},
  url             = {http://dx.doi.org/10.3390/app8020187},
  publisher       = {MDPI AG}
}
