
@Online{ho20:_denois_diffus_probab_model,
  author          = {Jonathan Ho AND Ajay Jain AND Pieter Abbeel},
  title           = {{Denoising Diffusion Probabilistic Models}},
  year            = 2020,
  eprint          = {2006.11239v2},
  primaryclass    = {cs.LG},
  archiveprefix   = {arXiv}
}

@Online{sun20:_canon_capsul,
  author          = {Weiwei Sun AND Andrea Tagliasacchi AND Boyang Deng AND Sara
                  Sabour AND Soroosh Yazdani AND Geoffrey Hinton AND Kwang Moo
                  Yi},
  title           = {{Canonical Capsules: Self-Supervised Capsules in Canonical
                  Pose}},
  year            = 2020,
  eprint          = {2012.04718v2},
  primaryclass    = {cs.CV},
  archiveprefix   = {arXiv}
}

@Online{hinton21:_how,
  author          = {Geoffrey Hinton},
  title           = {{How to represent part-whole hierarchies in a neural
                  network}},
  year            = 2021,
  eprint          = {2102.12627v1},
  primaryclass    = {cs.CV},
  archiveprefix   = {arXiv}
}

@Online{Irpan98,
  ALTauthor       = {Alex Irpan},
  title           = {Deep Reinforcement Learning Doesn's Work Yet},
  date            = {2018-06-24},
  ALTdoi          = {},
  ALTeprint       = {},
  ALTurl          = {},
}

@Article{Delaware_2015,
  author          = {Delaware, Benjamin and Pit-Claudel, Clément and Gross,
                  Jason and Chlipala, Adam},
  title           = {Fiat: Deductive Synthesis of Abstract Data Types in a Proof
                  Assistant},
  journal         = {ACM SIGPLAN Notices},
  year            = 2015,
  volume          = 50,
  number          = 1,
  month           = jan,
  pages           = {689–700},
  issn            = {1558-1160},
  doi             = {10.1145/2775051.2677006},
  url             = {http://dx.doi.org/10.1145/2775051.2677006},
  publisher       = {Association for Computing Machinery (ACM)}
}

@Online{zheng18:_weigh_doubl_deep_multiag_reinf,
  author          = {Yan Zheng AND Jianye Hao AND Zongzhang Zhang},
  title           = {{Weighted Double Deep Multiagent Reinforcement Learning in
                  Stochastic Cooperative Environments}},
  year            = 2018,
  eprint          = {1802.08534v2},
  primaryclass    = {cs.MA},
  archiveprefix   = {arXiv}
}

@Online{fu22:_cooper_graph_approac_multiag_spars,
  author          = {Qingxu Fu AND Tenghai Qiu AND Zhiqiang Pu AND Jianqiang Yi
                  AND Wanmai Yuan},
  title           = {{A Cooperation Graph Approach for Multiagent Sparse Reward
                  Reinforcement Learning}},
  year            = 2022,
  eprint          = {2208.03002v1},
  primaryclass    = {cs.AI},
  archiveprefix   = {arXiv}
}

@Online{malialis19:_resour_abstr_reinf_learn_multiag_conges_probl,
  author          = {Kleanthis Malialis AND Sam Devlin AND Daniel Kudenko},
  title           = {{Resource Abstraction for Reinforcement Learning in
                  Multiagent Congestion Problems}},
  year            = 2019,
  eprint          = {1903.05431v1},
  primaryclass    = {cs.MA},
  archiveprefix   = {arXiv}
}

@Online{brockman16:_openai_gym,
  author          = {Greg Brockman AND Vicki Cheung AND Ludwig Pettersson AND
                  Jonas Schneider AND John Schulman AND Jie Tang AND Wojciech
                  Zaremba},
  title           = {{OpenAI Gym}},
  year            = 2016,
  eprint          = {1606.01540v1},
  primaryclass    = {cs.LG},
  archiveprefix   = {arXiv}
}

@Online{chen17:_ucb_explor_q_ensem,
  author          = {Richard Y. Chen AND Szymon Sidor AND Pieter Abbeel AND John
                  Schulman},
  title           = {{UCB Exploration via Q-Ensembles}},
  year            = 2017,
  eprint          = {1706.01502v3},
  primaryclass    = {cs.LG},
  archiveprefix   = {arXiv}
}

@Online{haarnoja18:_soft_actor_critic,
  author          = {Tuomas Haarnoja AND Aurick Zhou AND Pieter Abbeel AND
                  Sergey Levine},
  title           = {{Soft Actor-Critic: Off-Policy Maximum Entropy Deep
                  Reinforcement Learning with a Stochastic Actor}},
  year            = 2018,
  eprint          = {1801.01290v2},
  primaryclass    = {cs.LG},
  archiveprefix   = {arXiv}
}

@Online{orta22:_novel_lamb,
  author          = {Adil Han Orta AND Martin Roelfs AND Koen Van Den Abeele},
  title           = {{Novel algorithm for the computation of group and energy
                  velocities of Lamb waves}},
  year            = 2022,
  eprint          = {2205.11390v2},
  primaryclass    = {physics.app-ph},
  archiveprefix   = {arXiv}
}
